@article{LimitToBlockchainScaling,
    author = "Vitalik Buterin",
    title = "The Limits to Blockchain Scalability",
    year = 2021,
    url = "https://vitalik.ca/general/2021/05/23/scaling.html",
    url-date = "2021-07-09"
}
@article{UTreeXO,
    author = "Thaddeus Dryja",
    title = "Utreexo: A dynamic hash-based accumulator optimized for the Bitcoin
        UTXO set",
    year = 2019,
    url = "https://eprint.iacr.org/2019/611.pdf",
    url-date = "2021-07-11"
}
@article{CT,
    author = "Gregory Maxwell",
    title = "Confidential Transactions - Investigation",
    url = "https://elementsproject.org/features/confidential-transactions/investigation",
    url-date = "2021-07-11"
}
@misc{BitcoinBenchmark,
    author = "Jonathon Toomim",
    year = {2019},
    title = "3,000 tx/sec on a Bitcoin Cash throughput benchmark",
    url = "https://www.youtube.com/watch?v=j5UvgfWVnYg",
    urldate = "2021-07-20",
}
@misc{ShardProbabilityTest,
    author = "Ellis Frank",
    year = {2021},
    title = "Shard Probability test",
    url = "https://github.com/padlock-xpl/shard-probability-test",
    urldate = "2021-08-09",
}
